@Book{lindholm99_java_virtual_machin_specif,
  author =	 {Tim Lindholm and Frank Yellin},
  title = 	 {The Java Virtual Machine Specification},
  publisher = 	 {Addison-Wesley},
  year = 	 1999,
  edition =	 {Second},
  month =	 {April}
}

@Article{moore89_system_verif,
  author = 	 {J.S. Moore and W.R. Bevier and W. A. Hunt and W. D. Young},
  title = 	 {System Verification},
  journal = 	 {Special issue of J. of Automated Reasoning},
  year = 	 1989,
  volume =	 5,
  number =	 4
}

@InProceedings{strecker02_verif_java_compil,
  author =       {Martin Strecker},
  title =        {Formal Verification of a {Java} Compiler in {Isabelle}},
  booktitle =    {Proc. Conference on Automated Deduction (CADE)},
  year =         2002,
  volume =       2392,
  series =       {Lecture Notes in Computer Science},
  publisher =    {Springer Verlag},
  pages=         {63--77}
}

%%% Local Variables:
%%% mode: latex
%%% TeX-master: t
%%% coding: utf-8
%%% End:
